<?xml version="1.0" encoding="UTF-8"?><collection xmlns="http://www.loc.gov/MARC21/slim"><record><leader>00433nam--2200157-i-4500</leader><controlfield tag="001">000011117</controlfield><controlfield tag="002">20161230</controlfield><controlfield tag="005">20161230201029</controlfield><controlfield tag="008">060222s1000------------r-----000-0-eng-d</controlfield><datafield ind1=" " ind2=" " tag="080"><subfield code="a">1:517.1</subfield></datafield><datafield ind1=" " ind2=" " tag="100"><subfield code="a">Bieltz,Petre</subfield></datafield><datafield ind1=" " ind2=" " tag="245"><subfield code="a">Principiul dualitatii in logica formala. colectie ingrijita de gh.enescu</subfield></datafield><datafield ind1=" " ind2=" " tag="260"><subfield code="a">Bucuresti,Ed.Stiintifica,1974. 197p</subfield></datafield><datafield ind1=" " ind2=" " tag="490"><subfield code="a">Logos</subfield></datafield><datafield ind1=" " ind2=" " tag="852"><subfield code="a">41253</subfield><subfield code="c">517.11</subfield></datafield><datafield ind1=" " ind2=" " tag="CAT"><subfield code="a">Sys</subfield><subfield code="c">20080715</subfield><subfield code="h">125319</subfield></datafield></record></collection>